<record><leader>00000cas a22000007a 4500</leader><controlfield tag="001">1565533</controlfield><controlfield tag="008">750824d19631984mnuwr ne      0    0eng d</controlfield><datafield ind1=" " ind2=" " tag="010"><subfield code="a">sn 90059784 </subfield></datafield><datafield ind1=" " ind2=" " tag="040"><subfield code="a">MUL</subfield><subfield code="b">eng</subfield><subfield code="c">MUL</subfield><subfield code="d">OCL</subfield><subfield code="d">MN#</subfield><subfield code="d">OCL</subfield><subfield code="d">MN#</subfield><subfield code="d">OCLCQ</subfield><subfield code="d">OCLCF</subfield><subfield code="d">OCLCO</subfield></datafield><datafield ind1=" " ind2=" " tag="019"><subfield code="a">1586361</subfield></datafield><datafield ind1=" " ind2=" " tag="042"><subfield code="a">msc</subfield></datafield><datafield ind1=" " ind2=" " tag="043"><subfield code="a">n-us-mn</subfield></datafield><datafield ind1=" " ind2=" " tag="052"><subfield code="a">4144</subfield><subfield code="b">C9</subfield></datafield><datafield ind1=" " ind2=" " tag="052"><subfield code="a">4143</subfield><subfield code="b">H4</subfield></datafield><datafield ind1="0" ind2="4" tag="245"><subfield code="a">The New Hope-Plymouth post.</subfield></datafield><datafield ind1="3" ind2="0" tag="246"><subfield code="a">New Hope Plymouth post</subfield></datafield><datafield ind1=" " ind2=" " tag="260"><subfield code="a">Crystal, Minn. :</subfield><subfield code="b">Post Pub. Co.,</subfield><subfield code="c">1963-1984.</subfield></datafield><datafield ind1=" " ind2=" " tag="300"><subfield code="a">21 v.</subfield></datafield><datafield ind1=" " ind2=" " tag="310"><subfield code="a">Weekly</subfield></datafield><datafield ind1="0" ind2=" " tag="362"><subfield code="a">Vol. 1, no. 1 (May 2, 1963)-v. 21, no. 50 (Feb. 9, 1984).</subfield></datafield><datafield ind1=" " ind2=" " tag="500"><subfield code="a">Published at: Minneapolis, Minn., Mar. 9, 1967-Feb. 9, 1984.</subfield></datafield><datafield ind1=" " ind2=" " tag="530"><subfield code="a">Available on microfilm from the Minnesota Historical Society.</subfield></datafield><datafield ind1=" " ind2=" " tag="580"><subfield code="a">Merged with: Golden Valley post, to form two publication: New Hope-Golden Valley post, and: Plymouth post.</subfield></datafield><datafield ind1=" " ind2="0" tag="651"><subfield code="a">Crystal (Minn.)</subfield><subfield code="v">Newspapers.</subfield></datafield><datafield ind1=" " ind2="0" tag="651"><subfield code="a">New Hope (Minn.)</subfield><subfield code="v">Newspapers.</subfield></datafield><datafield ind1=" " ind2="0" tag="651"><subfield code="a">Plymouth (Minn.)</subfield><subfield code="v">Newspapers.</subfield></datafield><datafield ind1=" " ind2="7" tag="655"><subfield code="a">Newspapers.</subfield><subfield code="2">fast</subfield><subfield code="0">(OCoLC)fst01423814</subfield></datafield><datafield ind1=" " ind2="7" tag="651"><subfield code="a">Minnesota</subfield><subfield code="z">Crystal.</subfield><subfield code="2">fast</subfield><subfield code="0">(OCoLC)fst01223704</subfield></datafield><datafield ind1=" " ind2="7" tag="651"><subfield code="a">Minnesota</subfield><subfield code="z">New Hope.</subfield><subfield code="2">fast</subfield><subfield code="0">(OCoLC)fst01227778</subfield></datafield><datafield ind1=" " ind2="7" tag="651"><subfield code="a">Minnesota</subfield><subfield code="z">Plymouth.</subfield><subfield code="2">fast</subfield><subfield code="0">(OCoLC)fst01227781</subfield></datafield><datafield ind1=" " ind2=" " tag="752"><subfield code="a">United States</subfield><subfield code="b">Minnesota</subfield><subfield code="c">Hennepin</subfield><subfield code="d">Crystal.</subfield></datafield><datafield ind1=" " ind2=" " tag="752"><subfield code="a">United States</subfield><subfield code="b">Minnesota</subfield><subfield code="c">Hennepin</subfield><subfield code="d">Plymouth.</subfield></datafield><datafield ind1=" " ind2=" " tag="752"><subfield code="a">United States</subfield><subfield code="b">Minnesota</subfield><subfield code="c">Hennepin</subfield><subfield code="d">New Hope.</subfield></datafield><datafield ind1="1" ind2="0" tag="785"><subfield code="t">Golden Valley post</subfield><subfield code="w">(DLC)sn 90059785</subfield></datafield><datafield ind1="1" ind2="0" tag="785"><subfield code="t">New Hope-Golden Valley post</subfield><subfield code="w">(DLC)sn 84009878</subfield></datafield><datafield ind1="1" ind2="0" tag="785"><subfield code="t">Plymouth post</subfield><subfield code="w">(DLC)sn 84009877</subfield></datafield></record>